@INPROCEEDINGS{Uu:contcomb,
  author="Uustalu, Tarmo",
  editor="Mousavi, Mohammad Reza and Sgall, Ji{\v{r}}{\'i}",
  title="Container Combinatorics: Monads and Lax Monoidal Functors",
  booktitle="Topics in Theoretical Computer Science",
  year="2017",
  publisher="Springer International Publishing",
  address="Cham",
  pages="91--105",
  isbn="978-3-319-68953-1"
}

@ARTICLE{PR:dinatnum,
  title = {Dinatural numbers},
  journal = {Journal of Pure and Applied Algebra},
  volume = {128},
  number = {1},
  pages = {33-92},
  year = {1998},
  issn = {0022-4049},
  doi = {https://doi.org/10.1016/S0022-4049(97)00036-4},
  author = {Robert Paré and Leopoldo Román}
}

@MISC{MS:dirchlet,
      doi = {10.48550/ARXIV.2004.04183},
      url = {https://arxiv.org/abs/2004.04183},
      title={Dirichlet Functors are Contravariant Polynomial Functors},
      author={David Jaz Myers and David I. Spivak},
      year={2020},
      eprint={2004.04183},
      archivePrefix={arXiv},
      primaryClass={math.CT}
}

@ARTICLE{UVZ:EKR,
  title = {Eilenberg-Kelly Reloaded},
  journal = {Electronic Notes in Theoretical Computer Science},
  volume = {352},
  pages = {233-256},
  year = {2020},
  note = {The 36th Mathematical Foundations of Programming Semantics Conference, 2020},
  issn = {1571-0661},
  doi = {https://doi.org/10.1016/j.entcs.2020.09.012},
  url = {https://www.sciencedirect.com/science/article/pii/S1571066120300633},
  author = {Tarmo Uustalu and Niccolò Veltri and Noam Zeilberger},
  keywords = {skew and normal monoidal, closed, monoidal closed and bi-closed categories, Eilenberg-Kelly theorem, promonoidal categories, Kleisli construction},
}

@ARTICLE{AHL-F:MHMC,
  author   = {Aguiar, Marcelo and Haim, Mariana and López Franco, Ignacio},
  journal  = {Applied Categorical Structures},
  title    = {Monads on Higher Monoidal Categories},
  year     = {2018},
  issn     = {1572-9095},
  number   = {3},
  pages    = {413--458},
  volume   = {26},
  doi      = {10.1007/s10485-017-9497-8},
  refid    = {Aguiar2018},
  url      = {https://doi.org/10.1007/s10485-017-9497-8},
}

@MISC{Spi:RCSP,
  doi = {10.48550/ARXIV.2202.00534},
  url = {https://arxiv.org/abs/2202.00534},
  author = {Spivak, David I.},
  title = {A reference for categorical structures on $\mathbf{Poly}$},
  publisher = {arXiv},
  year = {2022}
}

@ARTICLE{PS:DMC,
  author = {Pastro, Craig and Street, Ross},
  Title = {Doubles for monoidal categories},
  Journal = {Theory and {A}pplications of {C}ategories},
  Volume = 21,
  Pages = {61--75},
  Year = 2008
}

@ARTICLE{JHH:JFP,
  Author =	 {Jacobs, Bart and Heunen, Chris and Hasuo, Ichiro},
  Journal =	 {Journal of {F}unctional {P}rogramming},
  Number =	 {3-4},
  Pages =	 {403--438},
  Publisher =	 {Cambridge Univ Press},
  Title =	 {Categorical semantics for arrows},
  Volume =	 19,
  Year =	 2009
}

@ARTICLE{MBP:AP,
  Author =	 {McBride, Connor and Paterson, Ross},
  Doi =		 {10.1017/S0956796807006326},
  Eprint =       {http://journals.cambridge.org/article_S0956796807006326},
  Journal =	 {Journal of {F}unctional {P}rogramming},
  Number =	 01,
  Pages =	 {1--13},
  Title =	 {Applicative programming with effects},
  Volume =	 18,
  Year =	 2008
}

@ARTICLE{Hug:GMA,
  Author =	 {Hughes, John},
  Journal =	 {Science of {C}omputer {P}rogramming},
  Month =	 5,
  Number =	 {1-3},
  Pages =	 {67--111},
  Title =	 {Generalising Monads to Arrows},
  Volume =	 37,
  Year =	 2000
}

@INPROCEEDINGS{Mog:CLM,
  author={Moggi, Eugenio},
  booktitle={Fourth Annual Symposium on Logic in Computer Science},
  title={Computational lambda-calculus and monads},
  year={1989},
  pages={14-23},
  doi={10.1109/LICS.1989.39155}
}

@ARTICLE{Mog:NCM,
  TITLE = "Notions of computation and monads",
  JOURNAL = {Inf. Comput.},
  VOLUME = "93",
  NUMBER = "1",
  PAGES = "55 - 92",
  YEAR = "1991",
  ISSN = "0890-5401",
  AUTHOR = "Eugenio Moggi"
}

@INPROCEEDINGS{AAG:CC,
  author =	 {Abbott, Michael and Altenkirch, Thorsten and Ghani,
                  Neil},
  title =	 {Categories of Containers},
  booktitle =	 {{Proceedings of the 6th International Conference on
                  Foundations of Software Science and Computation
                  Structures and Joint European Conference on Theory
                  and Practice of Software}},
  series =	 {FOSSACS'03/ETAPS'03},
  year =	 2003,
  isbn =	 {3-540-00897-7},
  location =	 {Warsaw, Poland},
  pages =	 {23--38},
  numpages =	 16,
  acmid =	 1754813,
  publisher =	 {Springer-Verlag},
  address =	 {Berlin, Heidelberg},
}

@INPROCEEDINGS{AU:DCC,
  author    = {Danel Ahman and
               Tarmo Uustalu},
  title     = {Directed Containers as Categories},
  booktitle = {Proceedings 6th Workshop on Mathematically Structured Functional Programming},
  series    = {{EPTCS}},
  volume    = {207},
  pages     = {89--98},
  year      = {2016},
  doi       = {10.4204/EPTCS.207.5},
}

@INPROCEEDINGS{ALS:HOC,
  author = {Altenkirch, Thorsten and Levy, Paul and Staton, Sam},
  title = {Higher-Order Containers},
  year = {2010},
  isbn = {3642139612},
  publisher = {Springer-Verlag},
  address = {Berlin, Heidelberg},
  booktitle = {Proceedings of the Programs, Proofs, Process and 6th International Conference on Computability in Europe},
  pages = {11–20},
  numpages = {10},
  location = {Ponta Delgada, Azores, Portugal},
  series = {CiE'10}
}

@PHDTHESIS{vGl:PHD,
  author = { von Glehn, Tamara },
  title = { Polynomials and models of type theory },
  doi = { 10.17863/CAM.16245 },
  year = { 2015 }
}

@ARTICLE{Koc:PFT,
    author = {Kock, Joachim},
    title = "{Polynomial Functors and Trees}",
    journal = {International Mathematics Research Notices},
    volume = {2011},
    number = {3},
    pages = {609-673},
    year = {2010},
    month = {05},
    issn = {1073-7928},
    doi = {10.1093/imrn/rnq068},
    eprint = {https://academic.oup.com/imrn/article-pdf/2011/3/609/2121229/rnq068.pdf},
}

@ARTICLE{GK:PFPM,
  title={Polynomial functors and polynomial monads},
  volume={154},
  DOI={10.1017/S0305004112000394},
  number={1},
  journal={Mathematical Proceedings of the Cambridge Philosophical Society},
  publisher={Cambridge University Press},
  author={Gambino, Nicola and Kock, Joachim},
  year={2013},
  pages={153–192}
}

@MISC{Spi:Poly,
  doi = {10.48550/ARXIV.2005.01894},
  url = {https://arxiv.org/abs/2005.01894},
  author = {Spivak, David I.},
  title = {Poly: An abundant categorical setting for mode-dependent dynamics},
  publisher = {arXiv},
  year = {2020}
}

@INPROCEEDINGS{Asa:ASM,
  author =	 {Asada, Kazuyuki},
  title =	 {Arrows Are Strong Monads},
  booktitle =	 {Proceedings of the {T}hird {ACM} {SIGPLAN}
                  {W}orkshop on {M}athematically {S}tructured
                  {F}unctional {P}rogramming},
  series =	 {MSFP '10},
  year =	 2010,
  editor =	 {Capretta, Venanzio and Chapman, James},
  isbn =	 {978-1-4503-0255-5},
  location =	 {Baltimore, Maryland, USA},
  pages =	 {33--42},
  numpages =	 10,
  doi =		 {10.1145/1863597.1863607},
  acmid =	 1863607,
  publisher =	 {ACM},
  keywords =	 {arrow, computational effect, freyd category,
                  profunctor, strong monad},
}

@ARTICLE{LWY:IOAMMM,
  author =	 {Lindley, Sam and Wadler, Philip and Yallop, Jeremy},
  title =	 {Idioms are Oblivious, Arrows are Meticulous, Monads
                  are Promiscuous},
  journal =	 {Electronic {N}otes on {T}heoretical {C}omputer
                  {S}cience},
  volume =	 229,
  number =	 5,
  year =	 2011,
  pages =	 {97--117},
  ee =		 {http://dx.doi.org/10.1016/j.entcs.2011.02.018}
}

@ARTICLE{UV:SC,
  author = { Uustalu, Tarmo and Vene, Varmo },
  title = { Signals and Comonads },
  journal = { Journal of {U}niversal {C}omputer {S}cience },
  volume = 11,
  number = 7,
  year = 2005,
  pages = { 1310--1326 }
}

@INPROCEEDINGS{Wad:EFP,
  author = {Wadler, Philip},
  title = {The Essence of Functional Programming},
  year = {1992},
  isbn = {0897914538},
  publisher = {Association for Computing Machinery},
  address = {New York, NY, USA},
  doi = {10.1145/143165.143169},
  booktitle = {Proceedings of the 19th ACM SIGPLAN-SIGACT Symposium on Principles of Programming Languages},
  pages = {1–14},
  numpages = {14},
  location = {Albuquerque, New Mexico, USA},
  series = {POPL '92}
}

@INPROCEEDINGS{Riv:RIAMMA,
  author    = {Exequiel Rivas},
  title     = {Relating Idioms, Arrows and Monads from Monoidal Adjunctions},
  booktitle = {Proceedings of the 7th Workshop on Mathematically Structured Functional
               Programming},
  year      = {2018},
  doi       = {10.4204/EPTCS.275.3},
}

@ARTICLE{PRS:GMEH,
  title={Generalized monoidal effects and handlers},
  volume={30},
  DOI={10.1017/S0956796820000106},
  journal={Journal of Functional Programming},
  publisher={Cambridge University Press},
  author={Pieters, Ruben P. and Rivas, Exequiel and Schrijvers, Tom},
  year={2020},
  pages={e23}
}

@ARTICLE{Cap:GRCT,
  TITLE = {{General Recursion via Coinductive Types}},
  AUTHOR = {Venanzio Capretta},
  URL = {https://lmcs.episciences.org/2265},
  DOI = {10.2168/LMCS-1(2:1)2005},
  JOURNAL = {{Logical Methods in Computer Science}},
  VOLUME = {{Volume 1, Issue 2}},
  YEAR = {2005},
  MONTH = Jul,
  KEYWORDS = {Computer Science - Logic in Computer Science ; F.3.1},
}

@UNPUBLISHED{RJ:MM,
  TITLE = {{Monads with merging}},
  AUTHOR = {Rivas, Exequiel and Jaskelioff, Mauro},
  URL = {https://hal.inria.fr/hal-02150199},
  NOTE = {working paper or preprint: hal-02150199},
  YEAR = {2019},
  MONTH = Jun,
  KEYWORDS = {Bimonoids ; Monads ; Process Algebra ; Concurrency},
  PDF = {https://hal.inria.fr/hal-02150199/file/main.pdf},
  HAL_ID = {hal-02150199},
  HAL_VERSION = {v1},
}

@INPROCEEDINGS{HHMOHPS:concmonoid,
  AUTHOR =	 "Hoare, C. A. R.  and Hussain, Akbar and M{\"o}ller,
                  Bernhard and O'Hearn, Peter W.  and Petersen, Rasmus
                  Lerchedahl and Struth, Georg",
  EDITOR =	 "Katoen, Joost-Pieter and K{\"o}nig, Barbara",
  TITLE =	 "On Locality and the Exchange Law for Concurrent
                  Processes",
  BOOKTITLE =	 "CONCUR 2011 -- Concurrency Theory",
  YEAR =	 2011,
  PUBLISHER =	 "Springer Berlin Heidelberg",
  ADDRESS =	 "Berlin, Heidelberg",
  PAGES =	 "250--264",
  ISBN =	 "978-3-642-23217-6"
}
