@INPROCEEDINGS{Norell:dependentlytyped,
   author           = {Norell, Ulf},
   title            = {Dependently typed programming in Agda},
   booktitle        = {In Lecture Notes from the Summer School in Advanced Functional Programming},
   year             = 2008}
   
@phdthesis{norell:thesis,
   author           = {Ulf Norell},
   title            = {Towards a practical programming language based on dependent theory},
   school           = {Department of Computer Science and Engineering, Chalmers University of Technology},
   year             = 2007,
   month	    = {September},
   address          = {SE-412 96 G\"{o}teborg, Sweden}}

@article{moggi:1991,
	author		    = {Eugenio Moggi},
	title			= {Notions of computation and monads},
	journal			= {Inf. Comput.},
	number			= {1},
	volume			= {93},
	pages			= {55--92},
	year			= {1991}}
	
@article{kock:1970,
	author			= {Anders Kock},
	title			= {Strong functors and monoidal monads},
	journal			= {Archiv der Mathematik},
	volume 			= {23},
	pages			= {113--120},
	year			= {1970}}
	
@inproceedings{hoare:2011,
  title 			= {On Locality and the Exchange Law for Concurrent Processes},
  author 			= {C. A. R. Hoare and Akbar Hussain and Bernhard M{\"o}ller and Peter W. O'Hearn and Rasmus Lerchedahl Petersen and Georg Struth},
  year 				= {2011},
  booktitle 		= {CONCUR 2011 - Concurrency Theory - 22nd International Conference, CONCUR 2011, Aachen, Germany, September 6-9, 2011. Proceedings},
  editor 			= {Joost-Pieter Katoen and Barbara K{\"o}nig},
  pages 			= {250--264},
  publisher 		= {Springer},
  series 			= {Lecture Notes in Computer Science},
  volume 			= {6901},
  doi 				= {10.1007/978-3-642-23217-6_17},
}

@unpublished{rivas:2019,
  title 			= {Monads with merging},
  author 			= {Exequiel Rivas and Mauro Jaskelioff},
  url 				= {https://inria.hal.science/hal-02150199},
  note		 		= {working paper or preprint},
  year 				= {2019},
  month 			= Jun,
  hal_id 			= {hal-02150199},
  hal_version		= {v1},
}

@article{hoare:2009, 
	title			= {Concurrent Kleene Algebra and its Foundations}, 
	doi 			= {10.1016/j.jlap.2011.04.005}, 
	journal			= {The Journal of Logic and Algebraic Programming}, 
	author			= {Tony Hoare and Bernhard Möller and Georg Struth and Ian Wehrman}, 
	year			={2011}, 
	month			={Aug}}
	
@article{kozen:1994,
	title 			= {A Completeness Theorem for Kleene Algebras and the Algebra of Regular Events},
	journal 		= {Information and Computation},
	volume 			= {110},
	number 			= {2},
	pages 			= {366-390},
	year 			= {1994},
	doi 			= {https://doi.org/10.1006/inco.1994.1037},
	author 			= {D. Kozen},
}

@article{hughes:2004,
title = {Simulations in coalgebra},
journal = {Theoretical Computer Science},
volume = {327},
number = {1},
pages = {71-108},
year = {2004},
note = {Selected Papers of CMCS '03},
issn = {0304-3975},
doi = {https://doi.org/10.1016/j.tcs.2004.07.022},
author = {Jesse Hughes and Bart Jacobs},
}

@inproceedings{katsumata:2013,
	author = {Shin-ya Katsumata and Tetsuya Sato},
	title = {Preorders on Monads and Coalgebraic Simulations},
	year = {2013},
	isbn = {9783642370748},
	publisher = {Springer-Verlag},
	address = {Berlin, Heidelberg},
	doi = {10.1007/978-3-642-37075-5_10},
	pages = {145–160},
	location = {Rome, Italy},
	series = {FOSSACS'13}
}